@article{James2016,
    author = {Doug L. James},
    title = {Physically Based Sound for Computer Animation and Virtual Environments},
    journal = {SIGGRAPH},
    year = {2016},
    month = {Jul},
    publisher = {ACM}
}

@article{Doel2001,
    author = {Kees van den Doel, Paul G. Kry, Dinesh K. Pai},
    title = {FoleyAutomatic, physically-based sound effects for interactive simulation and animation},
    journal = {SIGGRAPH},
    year = {2001},
    pages = {537-544},
    month = {Aug},
    publisher = {ACM}
}

@article{Brien2002,
    author = {James F. O'Brien, Chen Shen, Christine M. Gatchalian},
    title = {Synthesizing Sounds from Rigid-Body Simulations},
    journal = {SIGGRAPH},
    year = {2002},
    publisher = {ACM}

}
