@article{oliva96,
    author = {J-M. Oliva, M. Perrin, S. Coquillart},
    title = {3D Reconstruction of Complex Polyhedral Shapes from Contours using a Simplified Generalized Voronoi Diagram},
    journal = {EUROGRAPHICS},
    year = {1996},
    publisher = {Blackwell Publishers}
}
@article{bermano11,
 author = {Bermano, Amit and Vaxman, Amir and Gotsman, Craig},
 title = {Online Reconstruction of 3D Objects from Arbitrary Cross-sections},
 journal = {ACM Trans. Graph.},
 issue_date = {October 2011},
 volume = {30},
 number = {5},
 month = oct,
 year = {2011},
 issn = {0730-0301},
 pages = {113:1--113:11},
 articleno = {113},
 numpages = {11},
 url = {http://doi.acm.org/10.1145/2019627.2019632},
 doi = {10.1145/2019627.2019632},
 acmid = {2019632},
 publisher = {ACM},
 address = {New York, NY, USA},
} 

@article{barequet04,
    author = {Gill Barequet, Michael T. Goodrich, Aya Levi-Steiner, Dvir Steiner},
    title = {Contour interpolation by straight skeletons},
    journal = {Graphical Models},
    year = {2004}
    pages = {245-260}
    publisher = {ELSEVIER}
}

@article{barequet08,
    author = {Gill Barequet, Amir Vaxman},
    title = {Nonlinear interpolation between slices},
    journal = {International Journal of Shape Modeling},
    year = {2008},
    publisher = {World Scientific},
    pages = {39-60}
}

@inproceedings{meyers91,
 author = {D. Meyers and S. Skinner and K. Sloan},
 title = {Surfaces From Contours: The Correspondence and Branching Problems},
 booktitle = {Proceedings of Graphics Interface '91},
 series = {GI '91},
 year = {1991},
 isbn = {0-9695338-0-2},
 issn = {0713-5424},
 location = {Calgary, Alberta, Canada},
 pages = {246--254},
 numpages = {9},
 url = {http://graphicsinterface.org/wp-content/uploads/gi1991-32.pdf},
 publisher = {Canadian Man-Computer Communications Society},
 address = {Toronto, Ontario, Canada},
}

@book{cgaa,
    author = {Mark de Berg, Marc van Kreveld, Mark Overmars, Otfried Schwarzkopf},
    title = {Computational Geometry Algorithms and Applications},
    year = {1997}
    pages = {55--58}
    publisher = {Springer}
}


//@misc{python,
    //title = {Python},
    //howpublished = {\url{https://www.python.org/}}
//}

@article{kazhdan13,
    author = {Michael Kazhdan, Hugues Hoppe},
    title = {Screened Poisson Surface Reconstruction},
    year = {2013},
    journal = {ACM Transactions on Graphics}
}

@article{kazhdan06,
    author = {Michael Kazhdan, Matthew Bolitho, Hugues Hoppe},
    title = {Poisson Surface Reconstruction},
    journal = {Eurographics Symposium on Geometry Processing},
    year = {2006}
}
