@article{James2016,
    author = {Doug L. James},
    title = {Physically Based Sound for Computer Animation and Virtual Environments},
    journal = {SIGGRAPH},
    year = {2016},
    month = {Jul},
    publisher = {ACM}
}
@article{Cook7,
    author = {P. R. Cook},
    title = {Integration of physial modeling for synthesis and animation},
    journal = {Proceedings of the International Computer Music Conference},
    year = {1995},
    pages = {525-528}
}

@article{Doel2001,
    author = {Kees van den Doel, Paul G. Kry, Dinesh K. Pai},
    title = {FoleyAutomatic, physically-based sound effects for interactive simulation and animation},
    journal = {SIGGRAPH},
    year = {2001},
    pages = {537-544},
    month = {Aug},
    publisher = {ACM}
}
@article{Doel1996,
    author = {Kees van den Doel, Dinesh K. Pai},
    title = {Synthesis of shape dependent sounds with physical modeling},
    journal = {Proceedings of the Ineternational Conference on Auditory Display},
    year = {1996},
}

@article{Doel1998,
    author = {Kees van den Doel, Dinesh K. Pai},
    title = {The sounds of physical shapes},
    journal = {Presence 7},
    year = {1998},
}

@article{Brien2002,
    author = {James F. O'Brien, Chen Shen, Christine M. Gatchalian},
    title = {Synthesizing Sounds from Rigid-Body Simulations},
    journal = {SIGGRAPH},
    year = {2002},
    publisher = {ACM}

}
@article{Chadwick12,
    author = {Jeffrey N. Chadwick and Changxi Zheng and Doug L. James},
    title  = {Precomputed Acceleration Noise for Improved Rigid-Body Sound},
    journal = {ACM Transactions on Graphics (Proceedings of SIGGRAPH 2012)},
    year = {2012},
    volume = {31},
    number = {4},
    month  = Aug,
    url = {http://www.cs.cornell.edu/projects/Sound/impact}
}

@article{Lin2013,
    author = {Zhimin Ren, Hengchin Yeh, Ming C. Lin},
    title = {Example-Guided Physically Based Modal Sound Synthesis},
    journal = {SIGGRAPH},
    year = {2013},
    publisher = {ACM}

}
@misc{python,
    title = {Python},
    howpublished = {\url{https://www.python.org/}}
}
@misc{sd,
    title = {sounddevice},
    howpublished = {\url{https:://python-sounddevice.readthedocs.io/en/0.3.10/}}
}
@misc{pyglet,
    title = {pyglet},
    howpublished = {\url{https://bitbucket.org/pyglet/pyglet/wiki/Home}}
}
@misc{np,
    title = {numpy},
    howpublished = {\url{http://www.numpy.org/}}
}
@misc{scipy,
    title = {scipy},
    howpublished = {\url{https://www.scipy.org/}}
}
@article{James2006,
    author = {Doug L. James, Jernej Barbic, Dinesh K. Pai},
    title = {Precomputed Acoustic Transfer: Output-sensitive, accurate sound generation for geometrically complex vibration sources},
    journal = {SIGGRAPH},
    year = {2006},
    publisher = {ACM}

}
