@article{James2016,
    author = {Doug L. James},
    title = {Physically Based Sound for Computer Animation and Virtual Environments},
    journal = {SIGGRAPH},
    year = {2016},
    month = {Jul},
    publisher = {ACM}
}

@article{Doel2001,
    author = {Kees van den Doel, Paul G. Kry, Dinesh K. Pai},
    title = {FoleyAutomatic, physically-based sound effects for interactive simulation and animation},
    journal = {SIGGRAPH},
    year = {2001},
    pages = {537-544},
    month = {Aug},
    publisher = {ACM}
}

@article{Brien2002,
    author = {James F. O'Brien, Chen Shen, Christine M. Gatchalian},
    title = {Synthesizing Sounds from Rigid-Body Simulations},
    journal = {SIGGRAPH},
    year = {2002},
    publisher = {ACM}

}

@article{Karaman2010,
    author = {Sertac Karaman, Emilio Frazzoli},
    title  = {Incremental Sampling-based Algorithms for Optimal Motion Planning},
    journal = {Robotics: Science and Systems},
    year = {2010},
    month = {June}
}

@article{LaValle1998,
    author = {Steven M. LaValle},
    title = {Rapidly-Exploring Random Trees: A New Tool for Path Planning},
    year = {1998}
}
@ARTICLE{Kavraki1996, 
author={L. E. Kavraki and P. Svestka and J. -. Latombe and M. H. Overmars}, 
journal={IEEE Transactions on Robotics and Automation}, 
title={Probabilistic roadmaps for path planning in high-dimensional configuration spaces}, 
year={1996}, 
volume={12}, 
number={4}, 
pages={566-580}, 
keywords={probabilistic roadmaps;path planning;high-dimensional configuration spaces;motion planning;robots;static workspaces;learning phase;query phase;graph;collision-free configurations;local planner;start configurations;goal configurations;holonomic robot;multi-DOF planar articulated robots;Path planning;Robots;Orbital robotics;Motion planning;Joining processes;Computer science;Layout;Workstations;Laboratories}, 
doi={10.1109/70.508439}, 
ISSN={1042-296X}, 
month={Aug},}


